@online{gls_IT_pcb,
title="Kretskort",
author = "Wikipedia",
url="https://no.wikipedia.org/w/index.php?title=Kretskort&oldid=15193045",
addendum="Hentet. 09.02.2024",
year=2015
}

@online{gls_IT_linter,
title="Lint (software)",
author = "Wikipedia",
url="https://en.wikipedia.org/wiki/Lint_(software)",
addendum="Hentet. 09.02.2024",
year=2024
}